@book{numericalrecipies,
  title={Numerical Recipies, The Art of Scientific Computing, 3rd edit},
  author={W.H. Press and S.A Teukolsky and W. T. Vetterling and B. P. Flannery},
  year={2007},
  publisher={Camb. Univ. Press}
}

@book{wolfram,
  author={Wolfram|Alpha},
  year={2013},
  publisher={Wolfram Alpha LLC},
  url={http://www.wolframalpha.com/input/?i=integrate+%281+%2F+sqrt%28+1+-+0.9999*%28sin%28t%29%29%5E2%29%29+from+0+to+pi%2F2}
}